% zdroj na webe
@MISC{Narkar_cloud-basededucation,
    author = {S. V. Narkar and Asst Prof and B. B. Shaharkar},
    title = {Cloud-based Education: For Improving Efficiency, Cost and Convenience},
    url = {http://citeseerx.ist.psu.edu/viewdoc/summary?doi=10.1.1.662.8291},
    urldate = {2020-10-31},
   	organisation = {CiteSeerX}
}

@MISC{Babu_enrichingeducation,
    author = {Dr.K.Ramchand H. Rao, Dr.B.Srinivasa Rao and Dr. Y. Suresh Babu},
    title = {Enriching Education using Cloud Computing},
    url = {http://citeseerx.ist.psu.edu/viewdoc/summary?doi=10.1.1.477.2732&rank=5},
    urldate = {2020-10-31},
    organisation = {CiteSeerX}
}

@MISC{Koutsopoulos_schooloncloud,
	author = {Kostis C. Koutsopoulos and Panos Papoutsis},
	title = {School on Cloud: Transforming Education},
	url = {https://eric.ed.gov/?id=EJ1127602},
	urldate = {2020-10-31},
	year = {2016},
	organisation = {ERIC}
}

@article{Mhouti_benefits_challenges,
  author = {Abderrahim El Mhouti,Mohamed Erradi and Azeddine Nasseh},
  month = {03},
  publisher = {SPRINGER},
  pages = {893-909},
  title = {Using cloud computing services in e-learning process: Benefits and challenges},
  doi = {10.1007/s10639-017-9642-x},
  url = {https://apps.webofknowledge.com/full_record.do?		product=WOS&search_mode=GeneralSearch&qid=4&SID=F3LX1UiXxGYclv5a21a&page=1&doc=5},
  urldate = {2020-10-31},
  volume = {23},
  year = {2018}
}